<?xml version="1.0" encoding="UTF-8"?>
<collection xmlns:xsi="http://www.w3.org/2001/XMLSchema-instance" xsi:schemaLocation="http://www.loc.gov/MARC21/slim http://www.loc.gov/standards/marcxml/schema/MARC21slim.xsd" xmlns="http://www.loc.gov/MARC21/slim">
<record>
  <leader>00724cam a22002171  4500</leader>
  <controlfield tag="001">3131639</controlfield>
  <controlfield tag="003">NNC</controlfield>
  <controlfield tag="005">20151019143213.0</controlfield>
  <controlfield tag="008">011031s1882    ua            000 0 ara d</controlfield>
  <datafield tag="035" ind1=" " ind2=" ">
    <subfield code="a">(OCoLC)ocm48245454</subfield>
  </datafield>
  <datafield tag="035" ind1=" " ind2=" ">
    <subfield code="9">ATW5799CU</subfield>
  </datafield>
  <datafield tag="035" ind1=" " ind2=" ">
    <subfield code="a">(NNC)3131639</subfield>
  </datafield>
  <datafield tag="040" ind1=" " ind2=" ">
    <subfield code="a">ZCU</subfield>
    <subfield code="c">ZCU</subfield>
  </datafield>
  <datafield tag="100" ind1="1" ind2=" ">
    <subfield code="a">Ramlī, Khayr al-Dīn ibn Aḥmad,</subfield>
    <subfield code="d">1585-1671.</subfield>
  </datafield>
  <datafield tag="240" ind1="1" ind2="0">
    <subfield code="a">Fatāwá al-khayrīyah li-nafʻ al-barīyah ʻalá madhhab al-Imām al-aʻẓam Abī Ḥanīfah al-Nuʻmān</subfield>
  </datafield>
  <datafield tag="245" ind1="1" ind2="0">
    <subfield code="a">Fatāwá al-Khayrīyah...</subfield>
  </datafield>
  <datafield tag="260" ind1=" " ind2=" ">
    <subfield code="a">al-Qāhirah:</subfield>
    <subfield code="b">al-Maṭbaʻah al-Mīrīyah al-Kubrá bi-Būlāq,</subfield>
    <subfield code="c">1300 A.H., [1882]</subfield>
  </datafield>
  <datafield tag="300" ind1=" " ind2=" ">
    <subfield code="a">2 v. in 1.</subfield>
    <subfield code="c">29 cm.</subfield>
  </datafield>
  <datafield tag="650" ind1=" " ind2="0">
    <subfield code="a">Islamic law.</subfield>
  </datafield>
  <datafield tag="650" ind1=" " ind2="0">
    <subfield code="a">Fatwas.</subfield>
  </datafield>
  <datafield tag="955" ind1=" " ind2=" ">
    <subfield code="b">CU58947604</subfield>
    <subfield code="d">off,glx</subfield>
    <subfield code="e">893.799 K527</subfield>
  </datafield>
</record>
</collection>